@book{BF01,
  author    = {Musgrave, F. Kenton and Kolb, Craig E. and Mace, Robert S.},
  title     = {The Synthesis and Rendering of Eroded Fractal Terrains},
  year      = {1989},
  publisher = {ACM SIGGRAPH},
  address   = {New York, NY, USA},
  pages     = {41--50}
}

@article{BF02,
  author    = {Benes, Bedrich and Forsbach, Ralf},
  title     = {Layered Data Representation for Visual Simulation of Terrain Erosion},
  journal   = {Proceedings of Spring Conference on Computer Graphics},
  year      = {2002},
  pages     = {80--86}
}

@inproceedings{BFO07,
  author    = {Benes, Bedrich and Forsbach, Ralf and Owens, John D.},
  title     = {Interactive terrain modeling using hydraulic erosion},
  booktitle = {WSCG},
  year      = {2006},
  pages     = {79--86}
}

@article{BR04,
  author    = {Bendels, Gabriel H. and Rumpf, Martin},
  title     = {Time Discretization for Energetic Variational Approaches to Free Boundary Problems},
  journal   = {Interfaces and Free Boundaries},
  year      = {2004},
  pages     = {9--24}
}

@inproceedings{Bri08,
  author    = {Bridson, Robert},
  title     = {Fluid Simulation for Computer Graphics},
  booktitle = {SIGGRAPH Courses},
  year      = {2008},
  pages     = {151--173}
}

@article{BTHB06,
  author    = {Benes, Bedrich and Tesinsky, Vlastimil and Horny, Jakub and Bhatia, Sumeet K.},
  title     = {Hydraulic Erosion Using Smoothed Particle Hydrodynamics},
  journal   = {Proceedings of Eurographics Workshop on Natural Phenomena},
  year      = {2006},
  pages     = {39--46}
}

@article{CBC16,
  author    = {Cordonnier, Guillaume and Benes, Bedrich and Cani, Marie-Paule},
  title     = {Large Scale Terrain Generation from Tectonic Uplift and Fluvial Erosion},
  journal   = {Proceedings of ACM SIGGRAPH / Eurographics Symposium on Computer Animation},
  year      = {2016},
  pages     = {1--12}
}

@inproceedings{CCB18,
  author    = {Cordonnier, Guillaume and Cani, Marie-Paule and Benes, Bedrich},
  title     = {Geologically Coherent Uplift-erosion for Large Scale Terrain Generation},
  booktitle = {ACM Transactions on Graphics},
  year      = {2018},
  pages     = {120:1--120:12}
}

@article{CF88,
  author    = {Chorin, Alexandre J. and Marsden, Jerrold E.},
  title     = {A Mathematical Introduction to Fluid Mechanics},
  journal   = {Springer-Verlag},
  year      = {1988},
  pages     = {320--324}
}

@article{CGG17,
  author    = {Cordonnier, Guillaume and Gu{\'e}rin, Eric and Galin, Eric},
  title     = {Interactive Generation of Time-Evolving, Eroded Terrains for Real-Time Applications},
  journal   = {ACM Transactions on Graphics},
  year      = {2017},
  pages     = {224:1--224:15}
}

@article{CMF98,
  author    = {Chiba, Nobutaka and Muraoka, Kiyoshi and Fujita, Koji},
  title     = {An erosion model based on velocity fields for the visual simulation of mountain scenery},
  journal   = {The Journal of Visualization and Computer Animation},
  year      = {1998},
  volume    = {9},
  number    = {4},
  pages     = {185--194}
}

@article{DGGK11,
  author    = {Dupuy, Jocelyn and Galin, Eric and Gonzato, Jean-Charles and Kerautret, Bertrand},
  title     = {Terrain Generation Using Procedural Models Based on Hydrology},
  journal   = {Proceedings of Eurographics Workshop on Natural Phenomena},
  year      = {2011},
  pages     = {1--12}
}

@inproceedings{EMP98,
  author    = {Ebert, David S. and Musgrave, F. Kenton and Peachey, Darwyn R. and Perlin, Ken and Worley, Steven},
  title     = {Texturing and Modeling: A Procedural Approach},
  booktitle = {SIGGRAPH Courses},
  year      = {1998},
  pages     = {472}
}

@article{FFC82a,
  author    = {Fournier, Alain and Fussell, Donald and Carpenter, Loren},
  title     = {Computer rendering of stochastic models},
  journal   = {Communications of the ACM},
  year      = {1982},
  volume    = {25},
  number    = {6},
  pages     = {371--384}
}

@article{FFC82b,
  author    = {Fournier, Alain and Fussell, Donald and Carpenter, Loren},
  title     = {Stochastic Modeling of Terrain},
  journal   = {Proceedings of ACM SIGGRAPH},
  year      = {1982},
  volume    = {16},
  pages     = {263--268}
}

@inproceedings{GGP15,
  author    = {G{\'e}nevaux, Olivier and Gu{\'e}rin, Eric and Peytavie, Adrien and Galin, Eric},
  title     = {Terrain Generation Using Procedural Models Based on Hydrology},
  booktitle = {ACM Transactions on Graphics},
  year      = {2015},
  pages     = {143:1--143:13}
}

@inproceedings{GGG13,
  author    = {Galin, Eric and Gu{\'e}rin, Eric and G{\'e}nevaux, Olivier},
  title     = {Procedural Generation of Roads},
  booktitle = {Proceedings of Eurographics Workshop on Natural Phenomena},
  year      = {2013},
  pages     = {15--24}
}

@article{GDGP16,
  author    = {Galin, Eric and Devillers, Olivier and Gu{\'e}rin, Eric and Peytavie, Adrien},
  title     = {Sparse representation of terrains},
  journal   = {ACM Transactions on Graphics},
  year      = {2016},
  pages     = {106:1--106:12}
}

@inproceedings{GM01,
  author    = {Gamito, Manuel N. and Musgrave, F. Kenton},
  title     = {Modeling and Sculpting 3D Clouds},
  booktitle = {Proceedings of the Graphics Interface Conference},
  year      = {2001},
  pages     = {145--152}
}

@article{HGA10a,
  author    = {Hnaidi, Houssam and Gu{\'e}rin, Eric and Akkouche, Samir},
  title     = {Feature-based Terrain Generation Using Diffusion Equation},
  journal   = {Proceedings of Eurographics Workshop on Natural Phenomena},
  year      = {2010},
  pages     = {25--32}
}

@article{HGA10b,
  author    = {Hnaidi, Houssam and Gu{\'e}rin, Eric and Akkouche, Samir},
  title     = {Sketch-based Terrain Modeling Using Feature-based Data Structures},
  journal   = {Computer Graphics Forum},
  year      = {2010},
  pages     = {283--291}
}

@article{Hor45,
  author    = {Horton, Robert E.},
  title     = {Erosional Development of Streams and Their Drainage Basins; Hydrophysical Approach to Quantitative Morphology},
  journal   = {Geological Society of America Bulletin},
  year      = {1945},
  pages     = {275--370}
}

@inproceedings{IFMC03,
  author    = {Iben, Hitoshi N. and Foley, Tim and Mitchell, Jason L. and Carpendale, Sheelagh},
  title     = {Interactive Cliffs},
  booktitle = {Proceedings of the Graphics Interface Conference},
  year      = {2003},
  pages     = {111--118}
}

@article{JFBB10,
  author    = {Jin, Xiaohua and Fan, Rui and Benes, Bedrich and Browning, Ross},
  title     = {Interactive Control of Boiling Lava using Smoothed Particle Hydrodynamics},
  journal   = {Computer Animation and Virtual Worlds},
  year      = {2010},
  pages     = {91--100}
}

@inproceedings{KBKŠ09,
  author    = {Kriv{\'a}nek, Jaroslav and Bene{\v{s}}, Bed{\v{r}}ich and Kol{\'i}bal, Zden{\v{e}}k and {\v{S}}t'ava, Ond{\v{r}}ej},
  title     = {Fast Hydraulic Erosion Simulation and Visualization on GPUs},
  booktitle = {Proceedings of Eurographics Workshop on Natural Phenomena},
  year      = {2009},
  pages     = {57--64}
}

@article{KMN88,
  author    = {Kelley, Alton D. and Malin, Michael C. and Nielson, Gregory M.},
  title     = {Terrain Simulation Using a Model of Stream Erosion},
  journal   = {Computer Graphics (Proceedings of ACM SIGGRAPH)},
  year      = {1988},
  pages     = {263--268}
}

@inproceedings{KSA13,
  author    = {K{\"a}hler, Ralf and Sbalzarini, Ivo F. and Arnold, Alexander},
  title     = {Adaptive and Parallel Particle-in-Cell Simulation},
  booktitle = {Proceedings of the Workshop on Molecular Graphics and Visual Analysis of Molecular Data},
  year      = {2013},
  pages     = {13--20}
}

@article{Kur12,
  author    = {Kurniawan, Adhi and Warren, Joe},
  title     = {Detail-Preserving Simplification of Polygonal Models},
  journal   = {Computer Graphics Forum},
  year      = {2012},
  pages     = {1817--1825}
}

@article{Kur13,
  author    = {Kurniawan, Adhi and Warren, Joe},
  title     = {Feature-preserving adaptive mesh simplification},
  journal   = {Computer Graphics Forum},
  year      = {2013},
  pages     = {251--260}
}

@article{LK11,
  author    = {Laine, Samuli and Karras, Tero},
  title     = {Efficient Sparse Voxel Octrees},
  journal   = {IEEE Transactions on Visualization and Computer Graphics},
  year      = {2011},
  pages     = {204--220}
}

@book{LLDD09,
  author    = {Lagae, Ares and Lefebvre, Sylvain and Drettakis, George and Dutré, Philip},
  title     = {A Survey of Procedural Noise Functions},
  year      = {2009},
  publisher = {Computer Graphics Forum},
  pages     = {177--196}
}

@article{LSC10,
  author    = {Lefebvre, Sylvain and Sylvain, Gautier and Crassin, Cyril},
  title     = {Parallel controlled level of detail for procedural models},
  journal   = {Proceedings of the ACM SIGGRAPH/Eurographics Symposium on High Performance Graphics},
  year      = {2010},
  pages     = {123--131}
}

@article{MKM89,
  author    = {Musgrave, F. Kenton and Kolb, Craig E. and Mace, Robert S.},
  title     = {The Synthesis and Rendering of Eroded Fractal Terrains},
  journal   = {Proceedings of ACM SIGGRAPH},
  year      = {1989},
  pages     = {41--50}
}

@article{McC92,
  author    = {McCammon, John W.},
  title     = {Computation of Potential of Mean Force from Brownian Dynamics Trajectories},
  journal   = {Computer Physics Communications},
  year      = {1992},
  volume    = {64},
  pages     = {85--92}
}

@inproceedings{MDH07,
  author    = {Mei, Xuejun and Dehne, Frank and Hortsch, Martin},
  title     = {Parallel R-Tree Search on the GPU},
  booktitle = {Proceedings of the International Conference on Computational Science},
  year      = {2007},
  pages     = {311--318}
}

@inproceedings{Mil86,
  author    = {Miller, Gavin S.},
  title     = {The definition and rendering of terrain maps},
  booktitle = {Proceedings of ACM SIGGRAPH},
  year      = {1986},
  pages     = {39--48}
}

@article{MVN68,
  author    = {Mandelbrot, Benoit B. and Van Ness, John W.},
  title     = {Fractional Brownian Motions, Fractional Noises and Applications},
  journal   = {SIAM Review},
  year      = {1968},
  pages     = {422--437}
}

@article{Nag98,
  author    = {Nagashima, Yuji},
  title     = {Computer Simulation of Erosion},
  journal   = {The Visual Computer},
  year      = {1998},
  pages     = {1--17}
}

@inproceedings{NWD05,
  author    = {Neidhold, Burkhard and Wacker, Matthias and Deussen, Oliver},
  title     = {Interactive physically based fluid and erosion simulation},
  booktitle = {Proceedings of Eurographics Workshop on Natural Phenomena},
  year      = {2005},
  pages     = {25--32}
}

@article{NLP13,
  author    = {Nardi, Fabio and Loiacono, Ilaria and Petrangeli, Armando and Vollmer, David},
  title     = {Modeling Geology and Geomorphology Processes},
  journal   = {Journal of Geographic Information Systems},
  year      = {2013},
  pages     = {31--40}
}

@article{ON00,
  author    = {Onoue, Kiyohide and Nishita, Tomoyuki},
  title     = {Virtual sandbox},
  journal   = {Proceedings of the ACM symposium on Virtual reality software and technology},
  year      = {2000},
  pages     = {85--92}
}

@article{Par14,
  author    = {Parish, Yoan},
  title     = {Modeling and Sculpting 3D Clouds},
  journal   = {ACM Transactions on Graphics},
  year      = {2014},
  pages     = {145--152}
}

@article{Par15,
  author    = {Parish, Yoan},
  title     = {Interactive Terrain Generation with Multi-Resolution Feature Control},
  journal   = {Computer Graphics Forum},
  year      = {2015},
  pages     = {37--48}
}

@article{PG07,
  author    = {Peytavie, Adrien and Galin, Eric},
  title     = {Procedural Generation of Roads},
  journal   = {Proceedings of Eurographics Workshop on Natural Phenomena},
  year      = {2007},
  pages     = {15--24}
}

@article{PGMG09a,
  author    = {Peytavie, Adrien and Galin, Eric and Merillou, Stéphane and Grosjean, Jean},
  title     = {Arches: A Framework for Modeling Complex Terrains},
  journal   = {Proceedings of Eurographics Workshop on Natural Phenomena},
  year      = {2009},
  pages     = {45--52}
}

@article{PGMG09b,
  author    = {Peytavie, Adrien and Galin, Eric and Merillou, Stéphane and Grosjean, Jean},
  title     = {Procedural Generation of Rock Piles using a Rockfall Process},
  journal   = {Proceedings of Eurographics Workshop on Natural Phenomena},
  year      = {2009},
  pages     = {69--76}
}

@article{PH93,
  author    = {Perrin, François and Hugli, Heinz},
  title     = {Modeling and Generating Realistic Landscapes with River Networks},
  journal   = {Proceedings of Eurographics Workshop on Natural Phenomena},
  year      = {1993},
  pages     = {31--40}
}

@article{PM13,
  author    = {Peytavie, Adrien and Merillou, Stéphane},
  title     = {Sketch-based Terrain Modeling Using Feature-based Data Structures},
  journal   = {Computer Graphics Forum},
  year      = {2013},
  pages     = {283--291}
}

@inproceedings{RME09,
  author    = {Rusnell, Brandon and Musgrave, F. Kenton and Ebert, David S.},
  title     = {Feature-based Terrain Generation Using Diffusion Equation},
  booktitle = {Proceedings of Eurographics Workshop on Natural Phenomena},
  year      = {2009},
  pages     = {25--32}
}

@article{RPP93,
  author    = {Roudier, Pierre and Perrin, François and Pouliquen, Jérôme},
  title     = {Modeling and Generating Realistic Landscapes with River Networks},
  journal   = {Proceedings of Eurographics Workshop on Natural Phenomena},
  year      = {1993},
  pages     = {31--40}
}

@article{Ros94,
  author    = {Rosgen, David L.},
  title     = {A classification of natural rivers},
  journal   = {CATENA},
  year      = {1994},
  pages     = {169--199}
}

@article{SD03,
  author    = {Stumpf, Roland and Dietrich, Peter},
  title     = {Manual of Applied Geology for Engineers},
  journal   = {Gustav Fischer Verlag},
  year      = {2003},
  pages     = {24--38}
}

@inproceedings{ŠBBK08,
  author    = {Št'ava, Ondrej and Benes, Bedrich and Brisbin, Mat and Kriv{\'a}nek, Jaroslav},
  title     = {Interactive Terrain Modeling Using Hydraulic Erosion},
  booktitle = {Proceedings of Eurographics Workshop on Natural Phenomena},
  year      = {2008},
  pages     = {47--56}
}

@article{TB18,
  author    = {Thévenin, Pascal and Bousseau, Adrien},
  title     = {Efficient Parallel Simplification of Point-Sampled Surfaces},
  journal   = {Proceedings of Eurographics Workshop on Natural Phenomena},
  year      = {2018},
  pages     = {23--30}
}

@inproceedings{TH10,
  author    = {Tucker, Gregory E. and Hancock, Gregory R.},
  title     = {Modelling Landscape Evolution},
  booktitle = {Earth Surface Processes and Landforms},
  year      = {2010},
  pages     = {28--45}
}

@inproceedings{TJ10,
  author    = {Talton, Jerry O. and Johnson, David E.},
  title     = {SPH for Non-deterministic Natural Phenomena Simulation},
  booktitle = {Proceedings of Eurographics Workshop on Natural Phenomena},
  year      = {2010},
  pages     = {47--54}
}

@article{VBHŠ11,
  author    = {Vanek, Jan and Benes, Bedrich and Horny, Jakub and Št'ava, Ondrej},
  title     = {Large-Scale Hydraulic Erosion Simulation and Visualization},
  journal   = {Proceedings of Eurographics Workshop on Natural Phenomena},
  year      = {2011},
  pages     = {47--56}
}

@inproceedings{VMG16,
  author    = {Vasa, Lukáš and Marroquim, Ricardo and Grinspun, Eitan},
  title     = {Level of Detail Rendering for Integral Surfaces},
  booktitle = {Proceedings of ACM SIGGRAPH / Eurographics Symposium on Computer Animation},
  year      = {2016},
  pages     = {47--56}
}

@article{Vos91,
  author    = {Voss, Richard F.},
  title     = {Random Fractals: Self-Affinity in Noise, Music, Mountains, and Clouds},
  journal   = {Physica D},
  year      = {1991},
  volume    = {38},
  pages     = {362--371}
}

@article{WT99,
  author    = {Whipple, Kelin X. and Tucker, Gregory E.},
  title     = {Dynamics of the stream-power river incision model: implications for height limits of mountain ranges, landscape response timescales, and research needs},
  journal   = {Journal of Geophysical Research: Solid Earth},
  year      = {1999},
  volume    = {104},
  number    = {B8},
  pages     = {17661--17674}
}

@inproceedings{Wor96,
  author    = {Worley, Steven},
  title     = {A cellular texture basis function},
  booktitle = {Proceedings of ACM SIGGRAPH},
  year      = {1996},
  pages     = {291--294}
}
